@inproceedings{dart,
 author = {Godefroid, Patrice and Klarlund, Nils and Sen, Koushik},
 title = {DART: Directed Automated Random Testing},
 booktitle = {Proceedings of the 2005 ACM SIGPLAN Conference on Programming Language Design and Implementation},
 series = {PLDI '05},
 year = {2005},
 isbn = {1-59593-056-6},
 location = {Chicago, IL, USA},
 pages = {213--223},
 numpages = {11},
 url = {http://doi.acm.org/10.1145/1065010.1065036},
 doi = {10.1145/1065010.1065036},
 acmid = {1065036},
 publisher = {ACM},
 address = {New York, NY, USA},
 keywords = {automated test generation, interfaces, program verification, random testing, software testing},
} 

@inproceedings{cute,
 author = {Sen, Koushik and Marinov, Darko and Agha, Gul},
 title = {CUTE: A Concolic Unit Testing Engine for C},
 booktitle = {Proceedings of the 10th European Software Engineering Conference Held Jointly with 13th ACM SIGSOFT International Symposium on Foundations of Software Engineering},
 series = {ESEC/FSE-13},
 year = {2005},
 isbn = {1-59593-014-0},
 location = {Lisbon, Portugal},
 pages = {263--272},
 numpages = {10},
 url = {http://doi.acm.org/10.1145/1081706.1081750},
 doi = {10.1145/1081706.1081750},
 acmid = {1081750},
 publisher = {ACM},
 address = {New York, NY, USA},
 keywords = {concolic testing, data structure testing, explicit path model-checking, random testing, testing C programs, unit testing},
} 

@inproceedings{ramos,
 author = {Ramos, David A and Engler, Dawson R.},
 title = {Practical, Low-effort Equivalence Verification of Real Code},
 booktitle = {Proceedings of the 23rd International Conference on Computer Aided Verification},
 series = {CAV'11},
 year = {2011},
 isbn = {978-3-642-22109-5},
 location = {Snowbird, UT},
 pages = {669--685},
 numpages = {17},
 url = {http://dl.acm.org/citation.cfm?id=2032305.2032360},
 acmid = {2032360},
 publisher = {Springer-Verlag},
 address = {Berlin, Heidelberg},
} 

@ARTICLE{adaptorsynth,
   author = {{Sharma}, V. and {Hietala}, K. and {McCamant}, S.},
    title = "{Finding Semantically-Equivalent Binary Code By Synthesizing Adaptors}",
  journal = {ArXiv e-prints},
archivePrefix = "arXiv",
   eprint = {1707.01536},
 primaryClass = "cs.SE",
 keywords = {Computer Science - Software Engineering},
     year = 2017,
    month = jul,
   adsurl = {http://adsabs.harvard.edu/abs/2017arXiv170701536S},
  adsnote = {Provided by the SAO/NASA Astrophysics Data System}
}

@inproceedings{driller,
  title={Driller: Augmenting Fuzzing Through Selective Symbolic Execution.},
  author={Stephens, Nick and Grosen, John and Salls, Christopher and Dutcher, Andrew and Wang, Ruoyu and Corbetta, Jacopo and Shoshitaishvili, Yan and Kruegel, Christopher and Vigna, Giovanni},
  booktitle={NDSS},
  volume={16},
  pages={1--16},
  year={2016}
}

@inproceedings{transport,
 author = {Sun, Wei and Xu, Lisong and Elbaum, Sebastian},
 title = {Improving the Cost-effectiveness of Symbolic Testing Techniques for Transport Protocol Implementations Under Packet Dynamics},
 booktitle = {Proceedings of the 26th ACM SIGSOFT International Symposium on Software Testing and Analysis},
 series = {ISSTA 2017},
 year = {2017},
 isbn = {978-1-4503-5076-1},
 location = {Santa Barbara, CA, USA},
 pages = {79--89},
 numpages = {11},
 url = {http://doi.acm.org/10.1145/3092703.3092706},
 doi = {10.1145/3092703.3092706},
 acmid = {3092706},
 publisher = {ACM},
 address = {New York, NY, USA},
 keywords = {Network protocol validation, automated testing, symbolic execution, testing packet dynamics},
} 

@inproceedings{angr,
  title={{SoK: (State of) The Art of War: Offensive Techniques in Binary Analysis}},
  author={Shoshitaishvili, Yan and Wang, Ruoyu and Salls, Christopher and
          Stephens, Nick and Polino, Mario and Dutcher, Andrew and Grosen, John and
          Feng, Siji and Hauser, Christophe and Kruegel, Christopher and Vigna, Giovanni},
  booktitle={IEEE Symposium on Security and Privacy},
  year={2016}
}

@inproceedings{veritesting,
 author = {Avgerinos, Thanassis and Rebert, Alexandre and Cha, Sang Kil and Brumley, David},
 title = {Enhancing Symbolic Execution with Veritesting},
 booktitle = {Proceedings of the 36th International Conference on Software Engineering},
 series = {ICSE 2014},
 year = {2014},
 isbn = {978-1-4503-2756-5},
 location = {Hyderabad, India},
 pages = {1083--1094},
 numpages = {12},
 url = {http://doi.acm.org/10.1145/2568225.2568293},
 doi = {10.1145/2568225.2568293},
 acmid = {2568293},
 publisher = {ACM},
 address = {New York, NY, USA},
 keywords = {Symbolic Execution, Verification, Veritesting},
} 

@Article{spf,
author="P{\u{a}}s{\u{a}}reanu, Corina S.
and Visser, Willem
and Bushnell, David
and Geldenhuys, Jaco
and Mehlitz, Peter
and Rungta, Neha",
title="Symbolic PathFinder: integrating symbolic execution with model checking for Java bytecode analysis",
journal="Automated Software Engineering",
year="2013",
month="Sep",
day="01",
volume="20",
number="3",
pages="391--425",
issn="1573-7535",
doi="10.1007/s10515-013-0122-2",
url="https://doi.org/10.1007/s10515-013-0122-2"
}

@Article{jpf,
author="Visser, Willem
and Havelund, Klaus
and Brat, Guillaume
and Park, SeungJoon
and Lerda, Flavio",
title="Model Checking Programs",
journal="Automated Software Engineering",
year="2003",
month="Apr",
day="01",
volume="10",
number="2",
pages="203--232",
issn="1573-7535",
doi="10.1023/A:1022920129859",
url="https://doi.org/10.1023/A:1022920129859"
}

@article{asm,
  title={ASM: a code manipulation tool to implement adaptable systems},
  author={Bruneton, Eric and Lenglet, Romain and Coupaye, Thierry},
  journal={Adaptable and extensible component systems},
  volume={30},
  number={19},
  year={2002}
}

@inproceedings{soot,
 author = {Vall{\'e}e-Rai, Raja and Co, Phong and Gagnon, Etienne and Hendren, Laurie and Lam, Patrick and Sundaresan, Vijay},
 title = {Soot - a Java Bytecode Optimization Framework},
 booktitle = {Proceedings of the 1999 Conference of the Centre for Advanced Studies on Collaborative Research},
 series = {CASCON '99},
 year = {1999},
 location = {Mississauga, Ontario, Canada},
 pages = {13--},
 url = {http://dl.acm.org/citation.cfm?id=781995.782008},
 acmid = {782008},
 publisher = {IBM Press},
} 

@inproceedings{defects4j,
 author = {Just, Ren{\'e} and Jalali, Darioush and Inozemtseva, Laura and Ernst, Michael D. and Holmes, Reid and Fraser, Gordon},
 title = {Are Mutants a Valid Substitute for Real Faults in Software Testing?},
 booktitle = {Proceedings of the 22Nd ACM SIGSOFT International Symposium on Foundations of Software Engineering},
 series = {FSE 2014},
 year = {2014},
 isbn = {978-1-4503-3056-5},
 location = {Hong Kong, China},
 pages = {654--665},
 numpages = {12},
 url = {http://doi.acm.org/10.1145/2635868.2635929},
 doi = {10.1145/2635868.2635929},
 acmid = {2635929},
 publisher = {ACM},
 address = {New York, NY, USA},
 keywords = {Test effectiveness, code coverage, mutation analysis, real faults},
} 

@book{dragon-book,
  title={Compilers: principles, techniques, and tools},
  author={Aho, Alfred V and Sethi, Ravi and Ullman, Jeffrey D},
  volume={2},
  year={2007},
  publisher={Addison-wesley Reading}
}

@inproceedings{load_testing_spf,
 author = {Zhang, Pingyu and Elbaum, Sebastian and Dwyer, Matthew B.},
 title = {Automatic Generation of Load Tests},
 booktitle = {Proceedings of the 2011 26th IEEE/ACM International Conference on Automated Software Engineering},
 series = {ASE '11},
 year = {2011},
 isbn = {978-1-4577-1638-6},
 pages = {43--52},
 numpages = {10},
 url = {http://dx.doi.org/10.1109/ASE.2011.6100093},
 doi = {10.1109/ASE.2011.6100093},
 acmid = {2190151},
 publisher = {IEEE Computer Society},
 address = {Washington, DC, USA},
} 

@inproceedings{parallel,
 author = {Staats, Matt and P\v{a}s\v{a}reanu, Corina},
 title = {Parallel Symbolic Execution for Structural Test Generation},
 booktitle = {Proceedings of the 19th International Symposium on Software Testing and Analysis},
 series = {ISSTA '10},
 year = {2010},
 isbn = {978-1-60558-823-0},
 location = {Trento, Italy},
 pages = {183--194},
 numpages = {12},
 url = {http://doi.acm.org/10.1145/1831708.1831732},
 doi = {10.1145/1831708.1831732},
 acmid = {1831732},
 publisher = {ACM},
 address = {New York, NY, USA},
 keywords = {java pathfinder, parallel, symbolic execution},
} 

@inproceedings{pasareanu2008,
 author = {P\v{a}s\v{a}reanu, Corina S. and Mehlitz, Peter C. and Bushnell, David H. and Gundy-Burlet, Karen and Lowry, Michael and Person, Suzette and Pape, Mark},
 title = {Combining Unit-level Symbolic Execution and System-level Concrete Execution for Testing Nasa Software},
 booktitle = {Proceedings of the 2008 International Symposium on Software Testing and Analysis},
 series = {ISSTA '08},
 year = {2008},
 isbn = {978-1-60558-050-0},
 location = {Seattle, WA, USA},
 pages = {15--26},
 numpages = {12},
 url = {http://doi.acm.org/10.1145/1390630.1390635},
 doi = {10.1145/1390630.1390635},
 acmid = {1390635},
 publisher = {ACM},
 address = {New York, NY, USA},
 keywords = {software model checking, symbolic execution, system testing, unit testing},
} 

@article{android_spf,
 author = {Mirzaei, Nariman and Malek, Sam and P\u{a}s\u{a}reanu, Corina S. and Esfahani, Naeem and Mahmood, Riyadh},
 title = {Testing Android Apps Through Symbolic Execution},
 journal = {SIGSOFT Softw. Eng. Notes},
 issue_date = {November 2012},
 volume = {37},
 number = {6},
 month = nov,
 year = {2012},
 issn = {0163-5948},
 pages = {1--5},
 numpages = {5},
 url = {http://doi.acm.org/10.1145/2382756.2382798},
 doi = {10.1145/2382756.2382798},
 acmid = {2382798},
 publisher = {ACM},
 address = {New York, NY, USA},
 keywords = {Java Pathfinder, android, symbolic pathfinder, testing},
} 

@inproceedings{fujitsu,
  title={Weave: Web applications validation environment},
  author={Rajan, Sreeranga P and Tkachuk, Oksana and Prasad, Mukul and Ghosh, Indradeep and Goel, Nitin and Uehara, Tadahiro},
  booktitle={Software Engineering-Companion Volume, 2009. ICSE-Companion 2009. 31st International Conference on},
  pages={101--111},
  year={2009},
  organization={IEEE}
}
